<record><leader>00000cas a2200000 a 4500</leader><controlfield tag="001">27732539</controlfield><controlfield tag="008">930315d19311932cauwr ne      0    0eng c</controlfield><datafield ind1=" " ind2=" " tag="010"><subfield code="a">sn 93053076 </subfield></datafield><datafield ind1=" " ind2=" " tag="040"><subfield code="a">CNK</subfield><subfield code="b">eng</subfield><subfield code="c">CNK</subfield><subfield code="d">OCLCQ</subfield><subfield code="d">CNK</subfield><subfield code="d">OCLCQ</subfield><subfield code="d">OCLCF</subfield><subfield code="d">OCLCO</subfield></datafield><datafield ind1="1" ind2=" " tag="029"><subfield code="a">AU@</subfield><subfield code="b">000020735252</subfield></datafield><datafield ind1=" " ind2=" " tag="042"><subfield code="a">pcc</subfield></datafield><datafield ind1=" " ind2=" " tag="043"><subfield code="a">n-us-ca</subfield></datafield><datafield ind1="0" ind2=" " tag="130"><subfield code="a">Tribune-progress (North Sacramento, Calif. : 1931)</subfield></datafield><datafield ind1="1" ind2="0" tag="245"><subfield code="a">Tribune-progress.</subfield></datafield><datafield ind1=" " ind2=" " tag="260"><subfield code="a">North Sacramento, Calif. :</subfield><subfield code="b">G.D. Beardslee and C.A. Champlin</subfield></datafield><datafield ind1=" " ind2=" " tag="300"><subfield code="a">v.</subfield></datafield><datafield ind1=" " ind2=" " tag="310"><subfield code="a">Weekly</subfield></datafield><datafield ind1="0" ind2=" " tag="362"><subfield code="a">Vol. 3, no. 45 (Mar. 5, 1931)-v. 5, no. 33 (Dec. 8, 1932).</subfield></datafield><datafield ind1=" " ind2=" " tag="515"><subfield code="a">Vol. 3, no. 45 (Mar. 5, 1931) misnumbered v. 3, no. 44 (Feb. 26, 1931) and has been hand corrected.</subfield></datafield><datafield ind1=" " ind2=" " tag="530"><subfield code="a">Master negatives are available for duplication from:</subfield><subfield code="b">California Newspaper Microfilm Archive;</subfield><subfield code="c">positive copies may be purchased by the reel; for further information consult the CNMA at:</subfield><subfield code="u">http://cbsr.ucr.edu</subfield></datafield><datafield ind1=" " ind2="0" tag="651"><subfield code="a">Sacramento County (Calif.)</subfield><subfield code="v">Newspapers.</subfield></datafield><datafield ind1=" " ind2="7" tag="655"><subfield code="a">Newspapers.</subfield><subfield code="2">fast</subfield><subfield code="0">(OCoLC)fst01423814</subfield></datafield><datafield ind1=" " ind2="7" tag="651"><subfield code="a">California</subfield><subfield code="z">Sacramento County.</subfield><subfield code="2">fast</subfield><subfield code="0">(OCoLC)fst01214200</subfield></datafield><datafield ind1=" " ind2=" " tag="752"><subfield code="a">United States</subfield><subfield code="b">California</subfield><subfield code="c">Sacramento</subfield><subfield code="d">North Sacramento.</subfield></datafield><datafield ind1="0" ind2="0" tag="780"><subfield code="t">Tribune and Fair Oaks progress</subfield><subfield code="w">(DLC)sn 93053075</subfield></datafield><datafield ind1="0" ind2="7" tag="785"><subfield code="t">Independent-leader (Sacramento, Calif.)</subfield><subfield code="w">(DLC)sn 93053072</subfield></datafield><datafield ind1="0" ind2="7" tag="785"><subfield code="t">Tribune-progress the independent-leader</subfield><subfield code="w">(DLC)sn 93053077</subfield></datafield></record>